
@article{Fournier1901,
author={Fournier, Paul},
title={Not a Real Paper},
journal={ApJ},
fjournal={Astrophysical Journal},
volume=1,
pages={101-111},
year=1901,
}

@book{Maggiore,
	author = {Maggiore, Michele},
	title = "{Gravitational Waves: Volume 2: Astrophysics and Cosmology}",
	publisher = {Oxford University Press},
	year = {2018},
	month = {03},
	isbn = {9780198570899},
	doi = {10.1093/oso/9780198570899.001.0001},
	url = {https://doi.org/10.1093/oso/9780198570899.001.0001},
}




@article{Vargas,
	author={Vargas, Andres and Melatos,Andrew},
	title={Dispersion in pulsar braking index measurements caused by timing noise},
	journal={TBD},
	fjournal={TBD},
	volume=1,
	pages={1},
	year=2023,
}